@book{handbook,
author="Menezes, A. and van Oorschot, P. and Vanstone, S.",
title="Handbook of Applied Cryptography",
year="1996",
publisher="CRC Press, Inc",
address="Florida"
}

@inproceedings{bsgs,
author="Shanks, D.",
title="Class Number, a Theory of Factorization, and Genera",
year="1971",
booktitle="Proceedings of Symposia in Pure Mathematics"
}

@INPROCEEDINGS{originalpaper,
author={L. Adleman},
booktitle={Foundations of Computer Science, 1979., 20th Annual Symposium on},
title={A subexponential algorithm for the discrete logarithm problem with applications to cryptography},
year={1979},
pages={55-60},
keywords={Algorithm design and analysis;Application software;Computer science;History;Laboratories;Mathematics;Public key;Public key cryptography;Security;Testing},
doi={10.1109/SFCS.1979.2},
ISSN={0272-5428},
month={Oct},}
